@article{c21,
author = {Chowdhury, Z.},
journal = {The Business Standard},
month = {March},
title = {E-passport project gets momentum},
year = {2021},
url = {https://www.tbsnews.net/bangladesh/e-passport-project-gets-momentum-216199},
}

@book{sp10,
author = {Shneiderman, B. and Plaisant, C.},
publisher = {Addison-Wesley},
title = {Designing the user interface : strategies for effective human-computer interaction (5th ed.)},
year = {2010},
}